@article{yu2018joint,
  title={A joint model for mixed and truncated longitudinal data and survival data, with application to HIV vaccine studies},
  author={Yu, Tingting and Wu, Lang and Gilbert, Peter B},
  journal={Biostatistics},
  volume={19},
  number={3},
  pages={374--390},
  year={2018},
  publisher={Oxford University Press}
}

@article{mehrotra2000maximum,
  title={Maximum likelihood estimation for longitudinal data with truncated observations},
  author={Mehrotra, Kishan G and Kulkarni, Pandurang M and Tripathi, Ram C and Michalek, Joel E},
  journal={Statistics in medicine},
  volume={19},
  number={21},
  pages={2975--2988},
  year={2000},
  publisher={Wiley Online Library}
}

%h-likelihood
@article{ha2003joint,
  title={Joint modelling of repeated measures and survival time data},
  author={Ha, Il Do and Park, Taesung and Lee, Youngjo},
  journal={Biometrical Journal: Journal of Mathematical Methods in Biosciences},
  volume={45},
  number={6},
  pages={647--658},
  year={2003},
  publisher={Wiley Online Library}
}

@article{molas2013joint,
  title={Joint hierarchical generalized linear models with multivariate Gaussian random effects},
  author={Molas, Marek and Noh, Maengseok and Lee, Youngjo and Lesaffre, Emmanuel},
  journal={Computational Statistics \& Data Analysis},
  volume={68},
  pages={239--250},
  year={2013},
  publisher={Elsevier}
}

@book{wu2009mixed,
  title={Mixed effects models for complex data},
  author={Wu, Lang},
  year={2009},
  publisher={CRC press}
}

@article{lawrence2015joint,
  title={Joint modeling of survival and longitudinal non-survival data: current methods and issues. Report of the DIA Bayesian joint modeling working group},
  author={Lawrence Gould, A and Boye, Mark Ernest and Crowther, Michael J and Ibrahim, Joseph G and Quartey, George and Micallef, Sandrine and Bois, Frederic Y},
  journal={Statistics in medicine},
  volume={34},
  number={14},
  pages={2181--2195},
  year={2015},
  publisher={Wiley Online Library}
}

@article{bernhardt2014flexible,
  title={Flexible modeling of survival data with covariates subject to detection limits via multiple imputation},
  author={Bernhardt, Paul W and Wang, Huixia Judy and Zhang, Daowen},
  journal={Computational statistics \& data analysis},
  volume={69},
  pages={81--91},
  year={2014},
  publisher={Elsevier}
}

@book{wang2006estimation,
  title={Estimation of accelerated failure time models with random effects},
  author={Wang, Yaqin},
  year={2006},
  publisher={Iowa State University}
}

@book{lawless2011statistical,
  title={Statistical models and methods for lifetime data},
  author={Lawless, Jerald F},
  volume={362},
  year={2011},
  publisher={John Wiley \& Sons}
}

@article{krol2016joint,
  title={Joint model for left-censored longitudinal data, recurrent events and terminal event: Predictive abilities of tumor burden for cancer evolution with application to the FFCD 2000--05 trial},
  author={Kr{\'o}l, Agnieszka and Ferrer, Lo{\"\i}c and Pignon, Jean-Pierre and Proust-Lima, C{\'e}cile and Ducreux, Michel and Bouch{\'e}, Olivier and Michiels, Stefan and Rondeau, Virginie},
  journal={Biometrics},
  volume={72},
  number={3},
  pages={907--916},
  year={2016},
  publisher={Wiley Online Library}
}

@article{fu2017joint,
  title={Joint modeling of longitudinal and survival data with the Cox model and two-phase sampling},
  author={Fu, Rong and Gilbert, Peter B},
  journal={Lifetime data analysis},
  volume={23},
  number={1},
  pages={136--159},
  year={2017},
  publisher={Springer}
}

@article{barrett2015joint,
  title={Joint modelling of repeated measurements and time-to-event outcomes: flexible model specification and exact likelihood inference},
  author={Barrett, Jessica and Diggle, Peter and Henderson, Robin and Taylor-Robinson, David},
  journal={Journal of the Royal Statistical Society. Series B, Statistical Methodology},
  volume={77},
  number={1},
  pages={131},
  year={2015},
  publisher={Wiley-Blackwell}
}

@book{elashoff2016joint,
  title={Joint modeling of longitudinal and time-to-event data},
  author={Elashoff, Robert and Li, Ning and others},
  year={2016},
  publisher={CRC press}
}

@book{lee2018generalized,
  title={Generalized linear models with random effects: unified analysis via H-likelihood},
  author={Lee, Youngjo and Nelder, John A and Pawitan, Yudi},
  volume={153},
  year={2018},
  publisher={CRC Press}
}

@article{ha2003joint,
  title={Joint modelling of repeated measures and survival time data},
  author={Ha, Il Do and Park, Taesung and Lee, Youngjo},
  journal={Biometrical Journal: Journal of Mathematical Methods in Biosciences},
  volume={45},
  number={6},
  pages={647--658},
  year={2003},
  publisher={Wiley Online Library}
}

@article{molas2013joint,
  title={Joint hierarchical generalized linear models with multivariate Gaussian random effects},
  author={Molas, Marek and Noh, Maengseok and Lee, Youngjo and Lesaffre, Emmanuel},
  journal={Computational Statistics \& Data Analysis},
  volume={68},
  pages={239--250},
  year={2013},
  publisher={Elsevier}
}